<?xml version="1.0" encoding="UTF-8"?><collection xmlns="http://www.loc.gov/MARC21/slim"><record><leader>00399nam--2200133-i-4500</leader><controlfield tag="001">000022856</controlfield><controlfield tag="002">20161230</controlfield><controlfield tag="005">20161230201034</controlfield><controlfield tag="008">060222s1000------------r-----000-0-eng-d</controlfield><datafield ind1=" " ind2=" " tag="080"><subfield code="a">539.171</subfield></datafield><datafield ind1=" " ind2=" " tag="100"><subfield code="a">Gross, David Jonathan</subfield></datafield><datafield ind1=" " ind2=" " tag="245"><subfield code="a">Investigation of the many-body multichanel partial-wave scattering amplitude.thesis</subfield></datafield><datafield ind1=" " ind2=" " tag="260"><subfield code="a">Ann Arbor, University Microfilms, Inc., 1966. 86p</subfield></datafield><datafield ind1=" " ind2=" " tag="852"><subfield code="a">29924</subfield></datafield></record></collection>